@article{数学书,
  author  = {xxx},
  title   = {MATLAB在数学建模中的应用},
  journal = {华中科技大学出版社},
  year    = {2025}
}